@book{demeyer2008,
	Annote = {book},
	Bdsk-url-1 = {http://scg.unibe.ch/download/oorp/},
	Isbn = {978-3-9523341-2-6},
	Keywords = {olit scg08 scg-pub snf-none jb09 skip-doi stefPub mooseCincom moose-pub},
	Medium = {2},
	Peerreview = {no},
	publisher = {Square Bracket Associates},
	Url = {http://scg.unibe.ch/download/oorp/},
	author = {Demeyer, Serge and Ducasse, St√©phane and Nierstrasz, Oscar},
	title = {Object-Oriented Reengineering Patterns},
	year = {2008},
	note = {(This book is available as a free download from http://www.iam.unibe.ch/~scg/OORP/.)},
}


@book{raymond1999,
 author = {Raymond, Eric S.},
 title = {The  Cathedral and the Bazaar},
 year = {1999},
 isbn = {1565927249},
 edition = {1st},
 publisher = {O'Reilly \& Associates, Inc.},
 address = {Sebastopol, CA, USA},
} 

@article{Gama:2014:survey,
 author = {Gama, Jo\~{a}o and \v{Z}liobait\.{e}, Indr\.{e} and Bifet, Albert and Pechenizkiy, Mykola and Bouchachia, Abdelhamid},
 title = {A Survey on Concept Drift Adaptation},
 journal = {ACM Comput. Surv.},
 issue_date = {April 2014},
 volume = {46},
 number = {4},
 month = mar,
 year = {2014},
 issn = {0360-0300},
 pages = {44:1--44:37},
 articleno = {44},
 numpages = {37},
 url = {http://doi.acm.org/10.1145/2523813},
 doi = {10.1145/2523813},
 acmid = {2523813},
 publisher = {ACM},
 address = {New York, NY, USA},
 keywords = {Concept drift, adaptive learning, change detection, data streams},
} 

@book{Gama:2010:KDD:1855075,
 author = {Gama, Joao},
 title = {Knowledge Discovery from Data Streams},
 year = {2010},
 isbn = {1439826110, 9781439826119},
 edition = {1st},
 publisher = {Chapman \& Hall/CRC},
} 