@article{Pettitt,
	author = {Pettitt, Anthony},
	year = {1979},
	month = {01},
	pages = {},
	title = {A Non-Parametric Approach to the Change-Point Problem},
	volume = {28},
	booktitle = {Journal of the Royal Statistical Society. Series C. Applied Statistics}
}

@article{Page,
author = {PAGE, E. S.},
title = {CONTINUOUS INSPECTION SCHEMES},
journal = {Biometrika},
volume = {41},
number = {1-2},
pages = {100-115},
year = {1954},
doi = {10.1093/biomet/41.1-2.100},
URL = {http://dx.doi.org/10.1093/biomet/41.1-2.100},
eprint = {/oup/backfile/content_public/journal/biomet/41/1-2/10.1093/biomet/41.1-2.100/2/41-1-2-100.pdf}
}

@article{Sen_and_Srivastava,
author = {Sen, Ashish and Srivastava, M},
year = {1975},
month = {01},
pages = {},
title = {On Tests for Detecting Change in Mean},
volume = {3},
booktitle = {Ann. Stat.}
}

@article{Hinkley,
author = {Hinkley, D},
year = {1970},
month = {04},
pages = {},
title = {Inference About the Change-Point in a Sequence of Random Variables},
volume = {57},
booktitle = {Biometrika}
}

@article{Smith,
author = {SMITH, A. F. M.},
title = {A Bayesian approach to inference about a change-point in a sequence of random variables},
journal = {Biometrika},
volume = {62},
number = {2},
pages = {407-416},
year = {1975},
doi = {10.1093/biomet/62.2.407},
URL = {http://dx.doi.org/10.1093/biomet/62.2.407},
eprint = {/oup/backfile/content_public/journal/biomet/62/2/10.1093/biomet/62.2.407/2/62-2-407.pdf}
}

@article{McGilchrist_and_Woodyer,
author = {A. McGilchrist, C and D. Woodyer, K},
year = {1975},
month = {08},
pages = {321-325},
title = {Note on a distribution-free CUSUM technique},
volume = {17},
booktitle = {Technometrics}
}

@article{ESCOVEDO2018119,
title = "DetectA: abrupt concept drift detection in non-stationary environments",
journal = "Applied Soft Computing",
volume = "62",
pages = "119 - 133",
year = "2018",
issn = "1568-4946",
doi = "https://doi.org/10.1016/j.asoc.2017.10.031",
url = "http://www.sciencedirect.com/science/article/pii/S1568494617306361",
author = "Tatiana Escovedo and Adriano Koshiyama and Andre Abs da Cruz and Marley Vellasco",
keywords = "Concept drift, Drift detection, Proactive approach"
}

@article{Escovedo2015A2D2AP,
  title={A2D2: A pre-event abrupt drift detection},
  author={Tatiana Escovedo and Adriano Soares Koshiyama and Marley M. B. R. Vellasco and Rubens Nascimento Melo and Andr{\'e} Vargas Abs da Cruz},
  journal={2015 International Joint Conference on Neural Networks (IJCNN)},
  year={2015},
  pages={1-8}
}

@ARTICLE{PCAFeatureExtractionChangeDetection, 
author={L. I. Kuncheva and W. J. Faithfull}, 
journal={IEEE Transactions on Neural Networks and Learning Systems}, 
title={PCA Feature Extraction for Change Detection in Multidimensional Unlabeled Data}, 
year={2014}, 
volume={25}, 
number={1}, 
pages={69-80}, 
keywords={feature extraction;image classification;image segmentation;principal component analysis;video signal processing;PCA feature extraction;adaptive classification;classification error monitoring;multidimensional unlabeled data;principal component analysis;semiparametric log-likelihood change detection criterion;multidimensional distribution;video segmentation;Feature extraction;Covariance matrix;Principal component analysis;Gaussian distribution;Hidden Markov models;Monitoring;Standards;Change detection;feature extraction;log-likelihood detector;pattern recognition}, 
doi={10.1109/TNNLS.2013.2248094}, 
ISSN={2162-237X}, 
month={Jan},}

@INPROCEEDINGS{ProactiveDriftDetectionProbabilistic, 
author={K. Chen and Y. S. Koh and P. Riddle}, 
booktitle={2016 International Joint Conference on Neural Networks (IJCNN)}, 
title={Proactive drift detection: Predicting concept drifts in data streams using probabilistic networks}, 
year={2016}, 
volume={}, 
number={}, 
pages={780-787}, 
keywords={data handling;estimation theory;learning (artificial intelligence);probability;proactive drift detection;concept drifts prediction;data streams;probabilistic networks;future drift points location prediction;reoccurring stream volatility patterns;drift estimation;ProSeed drift detector;Market research;Detectors;Probabilistic logic;Reservoirs;Prediction algorithms;Error analysis;Computer science}, 
doi={10.1109/IJCNN.2016.7727279}, 
ISSN={2161-4407}, 
month={July},}